<?xml version="1.0" encoding="UTF-8"?><collection xmlns="http://www.loc.gov/MARC21/slim"><record><leader>00482nam--2200169-u-4500</leader><controlfield tag="001">000055480</controlfield><controlfield tag="002">20161230</controlfield><controlfield tag="005">20161230201052</controlfield><controlfield tag="008">130214s1000------------r-----000-0-eng-d</controlfield><datafield ind1=" " ind2=" " tag="040"><subfield code="a">IFIN-HH</subfield></datafield><datafield ind1=" " ind2=" " tag="080"><subfield code="a">621.382:03</subfield></datafield><datafield ind1="1" ind2=" " tag="100"><subfield code="a">Bindmann, Werner</subfield></datafield><datafield ind1="1" ind2="0" tag="245"><subfield code="a">Dicitonary of semiconductor physics and electronics</subfield><subfield code="b">English-german ; german-english</subfield><subfield code="c">Werner bindmann</subfield></datafield><datafield ind1=" " ind2=" " tag="260"><subfield code="a">Oxford</subfield><subfield code="b">Pergamon Press</subfield><subfield code="c">1965</subfield></datafield><datafield ind1=" " ind2=" " tag="300"><subfield code="a">615P</subfield></datafield><datafield ind1=" " ind2=" " tag="852"><subfield code="a">D.379</subfield><subfield code="c">SLF</subfield></datafield><datafield ind1=" " ind2=" " tag="CAT"><subfield code="a">Sys</subfield><subfield code="c">20130214</subfield><subfield code="h">111839</subfield></datafield></record></collection>